@misc{wikipedia_2019, 
author = {Autor desconhecido},
title={Inteligência artificial}, url={https://pt.wikipedia.org/wiki/Inteligência_artificial}, 
journal={Wikipedia}, 
publisher={Wikimedia Foundation}, 
year={2019}, month={Nov}}

@misc{cinwiki_SI,
author = {PET},
title={Ciência da Computação}, url={https://cin.ufpe.br/~pet/wiki/Ciência_da_Computação},
journal={Ciência da Computação - CInWiki},
publisher={PET},
year={2018},
month={Apr}}

@misc{michels_2018, 
title={Sistemas Inteligentes}, url={https://www.infoq.com/br/articles/sistemas-inteligentes/},
journal={InfoQ},
publisher={InfoQ}, 
author={Michels, Mayra},
year={2018},
month={Apr}}

@misc{sas, 
author = {Autor desconhecido},
title={Inteligência artificial: o que é e qual sua importância?}, url={https://www.sas.com/pt_br/insights/analytics/inteligencia-artificial.html},
publisher = {SAS Institute},
journal={SAS}}

@misc{si_2012,
title = {Sistemas inteligentes - big data},
author = {Autor desconhecido},
url={http://www.ingar.santafe-conicet.gov.ar/wp-content/uploads/2019/03/ia1-300x197.jpg},
year={2012}, 
month={Apr}}